<?xml version="1.0" encoding="UTF-8" standalone="no" ?>
<collection>
  <record>
    <datafield tag="245" ind1=" " ind2=" ">
      <subfield code="a">Record 1</subfield>
    </datafield>
    <datafield tag="500" ind1=" " ind2=" ">
      <subfield code="a">No 970a</subfield>
    </datafield>
    <datafield tag="970" ind1=" " ind2=" ">
      <subfield code="b">1: value for 970__b-1</subfield>
      <subfield code="c">1: value for 970__c-1</subfield>
    </datafield>
    <datafield tag="970" ind1=" " ind2=" ">
      <subfield code="b">1: value for 970__b-2</subfield>
      <subfield code="c">1: value for 970__c-2</subfield>
    </datafield>
    <datafield tag="980" ind1=" " ind2=" ">
      <subfield code="a">Test Collection 012621</subfield>
    </datafield>
  </record>