

  <record>
    <datafield tag="245" ind1=" " ind2=" ">
      <subfield code="a">Record 2</subfield>
    </datafield>
    <datafield tag="500" ind1=" " ind2=" ">
      <subfield code="a">No 970b</subfield>
    </datafield>
    <datafield tag="970" ind1=" " ind2=" ">
      <subfield code="a">2: value for 970__a-1</subfield>
      <subfield code="c">2: value for 970__c-1</subfield>
    </datafield>
    <datafield tag="970" ind1=" " ind2=" ">
      <subfield code="a">2: value for 970__a-2</subfield>
      <subfield code="c">2: value for 970__c-2</subfield>
    </datafield>
    <datafield tag="980" ind1=" " ind2=" ">
      <subfield code="a">Test Collection 012621</subfield>
    </datafield>
  </record>