

  <record>
    <datafield tag="245" ind1=" " ind2=" ">
      <subfield code="a">Record 3</subfield>
    </datafield>
    <datafield tag="500" ind1=" " ind2=" ">
      <subfield code="a">Alternating 970a/b</subfield>
    </datafield>
    <datafield tag="970" ind1=" " ind2=" ">
      <subfield code="a">3: value for 970__a-1</subfield>
      <subfield code="c">3: value for 970__c-1</subfield>
    </datafield>
    <datafield tag="970" ind1=" " ind2=" ">
      <subfield code="b">3: value for 970__b-2</subfield>
      <subfield code="c">3: value for 970__c-2</subfield>
    </datafield>
    <datafield tag="980" ind1=" " ind2=" ">
      <subfield code="a">Test Collection 012621</subfield>
    </datafield>
  </record>