

  <record>
    <datafield tag="245" ind1=" " ind2=" ">
      <subfield code="a">Record 4</subfield>
    </datafield>
    <datafield tag="500" ind1=" " ind2=" ">
      <subfield code="a">No first 970</subfield>
    </datafield>
    <datafield tag="970" ind1=" " ind2=" ">
      <subfield code="a">4: value for 970__a-2</subfield>
      <subfield code="b">4: value for 970__b-2</subfield>
      <subfield code="c">4: value for 970__c-2</subfield>
    </datafield>
    <datafield tag="980" ind1=" " ind2=" ">
      <subfield code="a">Test Collection 012621</subfield>
    </datafield>
  </record>