

  <record>
    <datafield tag="245" ind1=" " ind2=" ">
      <subfield code="a">Record 5</subfield>
    </datafield>
    <datafield tag="500" ind1=" " ind2=" ">
      <subfield code="a">No second 970</subfield>
    </datafield>
    <datafield tag="970" ind1=" " ind2=" ">
      <subfield code="a">5: value for 970__a-1</subfield>
      <subfield code="b">5: value for 970__b-1</subfield>
      <subfield code="c">5: value for 970__c-1</subfield>
    </datafield>
    <datafield tag="980" ind1=" " ind2=" ">
      <subfield code="a">Test Collection 012621</subfield>
    </datafield>
  </record>