

  <record>
    <datafield tag="245" ind1=" " ind2=" ">
      <subfield code="a">Record 7</subfield>
    </datafield>
    <datafield tag="500" ind1=" " ind2=" ">
      <subfield code="a">Only third 970</subfield>
    </datafield>
    <datafield tag="970" ind1=" " ind2=" ">
      <subfield code="d">7: value for 970__d-3</subfield>
      <subfield code="e">7: value for 970__e-3</subfield>
    </datafield>
    <datafield tag="980" ind1=" " ind2=" ">
      <subfield code="a">Test Collection 012621</subfield>
    </datafield>
  </record>