

  <record>
    <datafield tag="245" ind1=" " ind2=" ">
      <subfield code="a">Record 8</subfield>
    </datafield>
    <datafield tag="500" ind1=" " ind2=" ">
      <subfield code="a">Only fourth 970</subfield>
    </datafield>
    <datafield tag="970" ind1=" " ind2=" ">
      <subfield code="f">8: value for 970__f-4</subfield>
    </datafield>
    <datafield tag="980" ind1=" " ind2=" ">
      <subfield code="a">Test Collection 012621</subfield>
    </datafield>
  </record>