

  <record>
    <datafield tag="245" ind1=" " ind2=" ">
      <subfield code="a">Record 9</subfield>
    </datafield>
    <datafield tag="500" ind1=" " ind2=" ">
      <subfield code="a">Multiple 970a in same field</subfield>
    </datafield>
    <datafield tag="970" ind1=" " ind2=" ">
      <subfield code="a">9: first value for 970__a-1</subfield>
      <subfield code="a">9: second value for 970__a-1</subfield>
    </datafield>
    <datafield tag="980" ind1=" " ind2=" ">
      <subfield code="a">Test Collection 012621</subfield>
    </datafield>
  </record>